%YAML 1.1
%TAG !u! tag:unity3d.com,2011:
--- !u!1 &8551279769947505234
GameObject:
  m_ObjectHideFlags: 0
  m_CorrespondingSourceObject: {fileID: 0}
  m_PrefabInstance: {fileID: 0}
  m_PrefabAsset: {fileID: 0}
  serializedVersion: 6
  m_Component:
  - component: {fileID: 8551279769947505236}
  - component: {fileID: 8551279769947505237}
  - component: {fileID: 8551279769947505238}
  - component: {fileID: 8551279769947505239}
  - component: {fileID: 8551279769947505232}
  - component: {fileID: 8551279769947505233}
  m_Layer: 0
  m_Name: Capsule 2
  m_TagString: Untagged
  m_Icon: {fileID: 0}
  m_NavMeshLayer: 0
  m_StaticEditorFlags: 0
  m_IsActive: 1
--- !u!4 &8551279769947505236
Transform:
  m_ObjectHideFlags: 0
  m_CorrespondingSourceObject: {fileID: 0}
  m_PrefabInstance: {fileID: 0}
  m_PrefabAsset: {fileID: 0}
  m_GameObject: {fileID: 8551279769947505234}
  m_LocalRotation: {x: -0.18524675, y: -0.3949313, z: 0.052364856, w: 0.8983156}
  m_LocalPosition: {x: -5.6446204, y: 0.2017914, z: 8.931032}
  m_LocalScale: {x: 0.9, y: 0.9, z: 0.9}
  m_ConstrainProportionsScale: 1
  m_Children:
  - {fileID: 8551279768874852003}
  m_Father: {fileID: 0}
  m_RootOrder: 0
  m_LocalEulerAnglesHint: {x: 0, y: 0, z: 0}
--- !u!33 &8551279769947505237
MeshFilter:
  m_ObjectHideFlags: 0
  m_CorrespondingSourceObject: {fileID: 0}
  m_PrefabInstance: {fileID: 0}
  m_PrefabAsset: {fileID: 0}
  m_GameObject: {fileID: 8551279769947505234}
  m_Mesh: {fileID: 10208, guid: 0000000000000000e000000000000000, type: 0}
--- !u!23 &8551279769947505238
MeshRenderer:
  m_ObjectHideFlags: 0
  m_CorrespondingSourceObject: {fileID: 0}
  m_PrefabInstance: {fileID: 0}
  m_PrefabAsset: {fileID: 0}
  m_GameObject: {fileID: 8551279769947505234}
  m_Enabled: 0
  m_CastShadows: 1
  m_ReceiveShadows: 1
  m_DynamicOccludee: 1
  m_StaticShadowCaster: 0
  m_MotionVectors: 1
  m_LightProbeUsage: 1
  m_ReflectionProbeUsage: 1
  m_RayTracingMode: 2
  m_RayTraceProcedural: 0
  m_RenderingLayerMask: 1
  m_RendererPriority: 0
  m_Materials:
  - {fileID: 2100000, guid: 31321ba15b8f8eb4c954353edc038b1d, type: 2}
  m_StaticBatchInfo:
    firstSubMesh: 0
    subMeshCount: 0
  m_StaticBatchRoot: {fileID: 0}
  m_ProbeAnchor: {fileID: 0}
  m_LightProbeVolumeOverride: {fileID: 0}
  m_ScaleInLightmap: 1
  m_ReceiveGI: 1
  m_PreserveUVs: 0
  m_IgnoreNormalsForChartDetection: 0
  m_ImportantGI: 0
  m_StitchLightmapSeams: 1
  m_SelectedEditorRenderState: 3
  m_MinimumChartSize: 4
  m_AutoUVMaxDistance: 0.5
  m_AutoUVMaxAngle: 89
  m_LightmapParameters: {fileID: 0}
  m_SortingLayerID: 0
  m_SortingLayer: 0
  m_SortingOrder: 0
  m_AdditionalVertexStreams: {fileID: 0}
--- !u!136 &8551279769947505239
CapsuleCollider:
  m_ObjectHideFlags: 0
  m_CorrespondingSourceObject: {fileID: 0}
  m_PrefabInstance: {fileID: 0}
  m_PrefabAsset: {fileID: 0}
  m_GameObject: {fileID: 8551279769947505234}
  m_Material: {fileID: 0}
  m_IsTrigger: 0
  m_Enabled: 1
  m_Radius: 0.5
  m_Height: 2
  m_Direction: 1
  m_Center: {x: 0, y: 0, z: 0}
--- !u!195 &8551279769947505232
NavMeshAgent:
  m_ObjectHideFlags: 0
  m_CorrespondingSourceObject: {fileID: 0}
  m_PrefabInstance: {fileID: 0}
  m_PrefabAsset: {fileID: 0}
  m_GameObject: {fileID: 8551279769947505234}
  m_Enabled: 1
  m_AgentTypeID: 0
  m_Radius: 0.5000005
  m_Speed: 3.5
  m_Acceleration: 8
  avoidancePriority: 50
  m_AngularSpeed: 120
  m_StoppingDistance: 0
  m_AutoTraverseOffMeshLink: 1
  m_AutoBraking: 1
  m_AutoRepath: 1
  m_Height: 2.0000005
  m_BaseOffset: 1.0000002
  m_WalkableMask: 4294967295
  m_ObstacleAvoidanceType: 4
--- !u!114 &8551279769947505233
MonoBehaviour:
  m_ObjectHideFlags: 0
  m_CorrespondingSourceObject: {fileID: 0}
  m_PrefabInstance: {fileID: 0}
  m_PrefabAsset: {fileID: 0}
  m_GameObject: {fileID: 8551279769947505234}
  m_Enabled: 1
  m_EditorHideFlags: 0
  m_Script: {fileID: 11500000, guid: cdcf501ba0a05de428c0d7fcbb7f7ff8, type: 3}
  m_Name: 
  m_EditorClassIdentifier: 
  _3DFloor: {fileID: 0}
  _timeRangeOfRec: {x: 5, y: 10}
--- !u!1001 &7583689121962077151
PrefabInstance:
  m_ObjectHideFlags: 0
  serializedVersion: 2
  m_Modification:
    m_TransformParent: {fileID: 8551279769947505236}
    m_Modifications:
    - target: {fileID: 2275042077245846899, guid: b444a84a15ed74f44ad6326246502bf1, type: 3}
      propertyPath: m_Name
      value: Capsule
      objectReference: {fileID: 0}
    - target: {fileID: 2275042077245846908, guid: b444a84a15ed74f44ad6326246502bf1, type: 3}
      propertyPath: m_RootOrder
      value: 0
      objectReference: {fileID: 0}
    - target: {fileID: 2275042077245846908, guid: b444a84a15ed74f44ad6326246502bf1, type: 3}
      propertyPath: m_LocalPosition.x
      value: 0
      objectReference: {fileID: 0}
    - target: {fileID: 2275042077245846908, guid: b444a84a15ed74f44ad6326246502bf1, type: 3}
      propertyPath: m_LocalPosition.y
      value: 0
      objectReference: {fileID: 0}
    - target: {fileID: 2275042077245846908, guid: b444a84a15ed74f44ad6326246502bf1, type: 3}
      propertyPath: m_LocalPosition.z
      value: 0
      objectReference: {fileID: 0}
    - target: {fileID: 2275042077245846908, guid: b444a84a15ed74f44ad6326246502bf1, type: 3}
      propertyPath: m_LocalRotation.w
      value: 1
      objectReference: {fileID: 0}
    - target: {fileID: 2275042077245846908, guid: b444a84a15ed74f44ad6326246502bf1, type: 3}
      propertyPath: m_LocalRotation.x
      value: 0
      objectReference: {fileID: 0}
    - target: {fileID: 2275042077245846908, guid: b444a84a15ed74f44ad6326246502bf1, type: 3}
      propertyPath: m_LocalRotation.y
      value: 0
      objectReference: {fileID: 0}
    - target: {fileID: 2275042077245846908, guid: b444a84a15ed74f44ad6326246502bf1, type: 3}
      propertyPath: m_LocalRotation.z
      value: 0
      objectReference: {fileID: 0}
    - target: {fileID: 2275042077245846908, guid: b444a84a15ed74f44ad6326246502bf1, type: 3}
      propertyPath: m_LocalEulerAnglesHint.x
      value: 0
      objectReference: {fileID: 0}
    - target: {fileID: 2275042077245846908, guid: b444a84a15ed74f44ad6326246502bf1, type: 3}
      propertyPath: m_LocalEulerAnglesHint.y
      value: 0
      objectReference: {fileID: 0}
    - target: {fileID: 2275042077245846908, guid: b444a84a15ed74f44ad6326246502bf1, type: 3}
      propertyPath: m_LocalEulerAnglesHint.z
      value: 0
      objectReference: {fileID: 0}
    - target: {fileID: 2275042077245846909, guid: b444a84a15ed74f44ad6326246502bf1, type: 3}
      propertyPath: _3DFloor
      value: 
      objectReference: {fileID: 0}
    - target: {fileID: 2275042077245846909, guid: b444a84a15ed74f44ad6326246502bf1, type: 3}
      propertyPath: _synScale
      value: 0
      objectReference: {fileID: 0}
    - target: {fileID: 2275042078495917387, guid: b444a84a15ed74f44ad6326246502bf1, type: 3}
      propertyPath: _texts.Array.size
      value: 7
      objectReference: {fileID: 0}
    - target: {fileID: 2275042078495917387, guid: b444a84a15ed74f44ad6326246502bf1, type: 3}
      propertyPath: _texts.Array.data[5]
      value: 
      objectReference: {fileID: 21300000, guid: eca9269381a572c488267f9a835add3d, type: 3}
    - target: {fileID: 2275042078495917387, guid: b444a84a15ed74f44ad6326246502bf1, type: 3}
      propertyPath: _texts.Array.data[6]
      value: 
      objectReference: {fileID: 21300000, guid: 50292f83934b6a0468ab66c2428c487b, type: 3}
    - target: {fileID: 2275042078495917387, guid: b444a84a15ed74f44ad6326246502bf1, type: 3}
      propertyPath: _chanceForTextToUpper
      value: 0.15
      objectReference: {fileID: 0}
    m_RemovedComponents: []
  m_SourcePrefab: {fileID: 100100000, guid: b444a84a15ed74f44ad6326246502bf1, type: 3}
--- !u!4 &8551279768874852003 stripped
Transform:
  m_CorrespondingSourceObject: {fileID: 2275042077245846908, guid: b444a84a15ed74f44ad6326246502bf1, type: 3}
  m_PrefabInstance: {fileID: 7583689121962077151}
  m_PrefabAsset: {fileID: 0}
--- !u!1 &8698001029018189401 stripped
GameObject:
  m_CorrespondingSourceObject: {fileID: 1264153364876711302, guid: b444a84a15ed74f44ad6326246502bf1, type: 3}
  m_PrefabInstance: {fileID: 7583689121962077151}
  m_PrefabAsset: {fileID: 0}
--- !u!95 &5663800908900130103
Animator:
  serializedVersion: 4
  m_ObjectHideFlags: 0
  m_CorrespondingSourceObject: {fileID: 0}
  m_PrefabInstance: {fileID: 0}
  m_PrefabAsset: {fileID: 0}
  m_GameObject: {fileID: 8698001029018189401}
  m_Enabled: 1
  m_Avatar: {fileID: 0}
  m_Controller: {fileID: 9100000, guid: d1f64473b3005de47a5eab710481965d, type: 2}
  m_CullingMode: 0
  m_UpdateMode: 0
  m_ApplyRootMotion: 0
  m_LinearVelocityBlending: 0
  m_StabilizeFeet: 0
  m_WarningMessage: 
  m_HasTransformHierarchy: 1
  m_AllowConstantClipSamplingOptimization: 1
  m_KeepAnimatorControllerStateOnDisable: 0
